@book{Applebaum,
  title={L\'{e}vy processes and stochastic calculus},
  author={DAVIDAPPLEBAUM},
  publisher={CAMBRIDGE UNIVERSITY PRESS},
  year={2009},
}